@book{bpierce2002types,
  title={Types and programming languages},
  author={Pierce, Benjamin C},
  year={2002},
  publisher={MIT press}
}

@book{lukas2014effect,
  title={A Practical Effect System for Scala},
  author={Rytz, Lukas},
  year={2014},
  publisher={PhD thesis, EPFL}
}

@incollection{rytz2012lightweight,
  title={Lightweight polymorphic effects},
  author={Rytz, Lukas and Odersky, Martin and Haller, Philipp},
  booktitle={ECOOP 2012--Object-Oriented Programming},
  pages={258--282},
  year={2012},
  publisher={Springer}
}
